@book{us_army_map_1993,
	address = {Washington D.C.},
	title = {Map {Reading} and {Land} {Navigation}, {FM} 21–26, {Kapitel} 6 {Seite} 2},
	url = {https://ia800708.us.archive.org/18/items/FM21-26_201211/FM21-26_201211.pdf},
	publisher = {Dept. of the Army},
	author = {{US Army}},
	year = {1993}
}

@misc{veness_chris_calculate_2002,
	title = {Calculate distance, bearing and more between {Latitude}/{Longitude} points},
	url = {https://www.movable-type.co.uk/scripts/latlong.html},
	language = {English},
	journal = {Movable Type Scripts (Movable Type Ltd.)},
	author = {{Veness, Chris}},
	year = {2002}
}

@phdthesis{kneer_benjamin_indoor_2017,
	address = {Berlin},
	type = {Bachelorarbeit},
	title = {Indoor {Vermessung} - {Bestimmung} von relativen {Koordinaten} relevanter {Punkte} in geschlossenen {Räumen} mittels {Sensoren}.},
	language = {Deutsch},
	school = {Hochschule für Technik und Wirtschaft},
	author = {{Kneer, Benjamin}},
	year = {2017}
}

@phdthesis{winter_johann_implementierung_2017,
	address = {Berlin},
	type = {Bachelorarbeit},
	title = {Implementierung eines {Systems} zur {Indoor}-{Wegesuche} basierend auf dem {Fingerprintverfahren}},
	language = {Deutsch},
	school = {Hochschule für Technik und Wirtschaft},
	author = {{Winter, Johann}},
	year = {2017}
}

@misc{google_android_developer_documentation_making_nodate,
	title = {Making {Your} {App} {Location}-{Aware} {\textbar} {Android} {Developers}},
	url = {https://developer.android.com/training/location/index.html},
	urldate = {2017-10-27TZ},
	author = {Google Android Developer Documentation}
}